
@article{Toll2007,
  author = {Toll, Nathanial J. and Rasmussen, Todd C.},
  title = {{Removal of Barometric Pressure Effects and Earth Tides from Observed Water Levels}},
  journal = {Groundwater},
  volume = {45},
  number = {1},
  pages = {101-105},
  doi = {10.1111/j.1745-6584.2006.00254.x},
  year = {2007},
}

@article{barbour2014,
    title = {{psd: Adaptive, sine multitaper power spectral density estimation for R}},
    author = {Andrew J Barbour and Robert L Parker},
    journal = {Computers \& Geosciences},
    month = {February},
    volume = {63},
    pages = {1-8},
    year = {2014},
    doi = {10.1016/j.cageo.2013.09.015},
}

@article{rover2011,
  author={Christian {R\"{o}ver} and Renate Meyer and Nelson Christensen},
  title={Modelling coloured residual noise in gravitational-wave signal processing},
  journal={Classical and Quantum Gravity},
  volume={28},
  number={1},
  pages={015010},
  url={https://stacks.iop.org/0264-9381/28/i=1/a=015010},
  year={2011},
}

@inproceedings{coleman1992,
  title={{Project Magnet high-level vector survey data reduction}},
  author={Coleman, Rachel J},
  booktitle={Types and Characteristics of Data for Geomagnetic Field Modeling},
  volume={3153},
  pages={215--248},
  year={1992}
}

@article{korte2002,
  title={Revised magnetic power spectrum of the oceanic crust},
  author={Korte, M and Constable, CG and Parker, RL},
  journal={Journal of Geophysical Research},
  volume={107},
  number={B9},
  pages={2205},
  year={2002},
  publisher={American Geophysical Union}
}

@article{obrien1999,
  title={Magnetic power spectrum of the ocean crust on large scales},
  author={O'Brien, Michael S and Parker, Robert L and Constable, Catherine G},
  journal={Journal of Geophysical Research},
  volume={104},
  number={B12},
  pages={29189--29},
  year={1999},
  publisher={American Geophysical Union}
}

@article{parker1997,
  title={Spectral analysis of vector magnetic field profiles},
  author={Parker, Robert L and O'Brien, Michael S},
  journal={Journal of Geophysical Research},
  volume={102},
  number={B11},
  pages={24815--24},
  year={1997},
  publisher={American Geophysical Union}
}

@book{bracewell2000,
  title={{The Fourier Transform and its applications}},
  author={Bracewell, R.N.},
  year={2000},
  publisher={McGraw-Hill Science/Engineering/Math},
  edition={3}
}
@MISC{parkerweb,
  author = {R. L. Parker},
  title = {{PSD}},
  note = {\textit{Maintained software (last accessed March 2015)}},
  year = {2015},
  howpublished={\url{http://igppweb.ucsd.edu/\%7Eparker/Software/}}
}

@Manual{fftw,
  title = {{fftw: Fast FFT and DCT based on FFTW}},
  author = {S. Krey and U. Ligges and O. Mersmann},
  year = {2011},
  note = {R package version 1.0-3},
  url = {https://CRAN.R-project.org/package=fftw},
}

@article{wickham2010,
  author =	"H. Wickham",
  title =	"The Split-Apply-Combine Strategy for Data Analysis",
  journal =	"Journal of Statistical Software",
  volume =	"40",
  number =	"1",
  pages =	"1--29",
  day =  	"7",
  month =	"4",
  year = 	"2011",
  CODEN =	"JSSOBK",
  ISSN = 	"1548-7660",
  bibdate =	"2010-12-27",
  URL =  	"https://www.jstatsoft.org/v40/i01",
  accepted =	"2010-12-27",
  acknowledgement = "",
  keywords =	"",
  submitted =	"2009-09-24",
}

@Article{singleton1969,
  author = {R. C. Singleton},
  title = {{An Algorithm for Computing the Mixed Radix Fast Fourier Transform}},
  journal = {IEEE Transactions on Audio and Electroacoustics},
  year = 1969,
  volume = {AU-17},
  number = 2,
  month = {June},
  pages = {93-103}
}

@Article{frigo2005,
  author = {M. Frigo and S. G. Johnson},
  title = {The Design and Implementation of {FFTW3}},
  journal = {Proceedings of the IEEE},
  year = 2005,
  volume = 93,
  number = 2,
  pages = {216--231},
  note ={Special issue on ``Program Generation, Optimization, and Platform Adaptation''}
}

@Manual{psdR,
  title = {{psd: Adaptive, sine-multitaper power spectral density estimation}},
  author = {A. J. Barbour and J. Kennel and and R. L. Parker},
  year = {2020},
  note = {R package version 2.0},
  url = {https://www.github.com/abarbour/psd/},
}

@article{riedel1996,
  author = {K. S. Riedel and A. Sidorenko},
  title = {{Adaptive Smoothing of the Log-Spectrum with Multiple Tapering}},
  journal = {IEEE Trans. SP},
  year = {1996},
  volume = {44},
  pages = {1794--1800}
}

@article{thomson1982,
  title={Spectrum estimation and harmonic analysis},
  author={Thomson, D. J.},
  journal={Proceedings of the IEEE},
  volume={70},
  number={9},
  pages={1055--1096},
  year={1982},
  publisher={IEEE}
}

@article{lees1995,
  title={{Multiple-taper spectral analysis: A stand-alone C-subroutine}},
  author={Lees, J. M. and Park, J.},
  journal={Computers \& Geosciences},
  volume={21},
  number={2},
  pages={199--236},
  year={1995},
  publisher={Elsevier}
}

@Manual{rcore,
  title = {R: A Language and Environment for Statistical Computing},
  author = {{R Core Team}},
  organization = {R Foundation for Statistical Computing},
  address = {Vienna, Austria},
  year = {2014},
  note = {{ISBN} 3-900051-07-0},
  url = {http://www.r-project.org/},
}

@Manual{rahim2012,
  title = {{multitaper: Multitaper Spectral Analysis}},
  author = {K. Rahim and W. Burr},
  year = {2013},
  note = {R package version 1.0-7},
  url = {http://CRAN.R-project.org/package=multitaper},
}

@PhdThesis{rahim2014,
    title = {Applications of Multitaper Spectral Analysis to Nonstationary Data},
    chapter = {Appendix A: Multitaper R Package},
    author = {Karim J Rahim and Wesley S Burr and David J Thomson},
    year = {2014},
    note = {R package version 1.0-11},
    pages = {149--183},
    school = {Queen's University},
    url = {http://CRAN.R-project.org/package=multitaper,http://hdl.handle.net/1974/12584},
 }

@article{agnew1992,
  title={The time-domain behavior of power-law noises},
  author={Agnew, D. C.},
  journal={Geophysical Research Letters},
  volume={19},
  pages={333--336},
  year={1992}
}

@article{langel1982,
  title={{The MAGSAT mission}},
  author={Langel, R. and Ousley, G. and Berbert, J. and Murphy, J. and
  Settle, M.},
  journal={Geophysical Research Letters},
  volume={9},
  number={4},
  pages={243--245},
  year={1982},
  publisher={American Geophysical Union}
}

@Manual{mohrac2008,
  title = {{Peaks: Peaks}},
  author = {Miroslav Morhac},
  year = {2008},
  note = {R package version 0.2},
}

@article{walden1995,
  author = {Walden, A. T. and McCoy, E. J. and Percival, D. B.}, 
  title = {The effective bandwidth of a multitaper spectral estimator},
  volume = {82}, 
  number = {1}, 
  pages = {201-214}, 
  year = {1995}, 
  doi = {10.1093/biomet/82.1.201}, 
  URL = {http://biomet.oxfordjournals.org/content/82/1/201.abstract}, 
  eprint = {http://biomet.oxfordjournals.org/content/82/1/201.full.pdf+html}, 
  journal = {Biometrika} 
}

@book{percival1993,
  title={Spectral analysis for physical applications},
  author={Percival, D.B. and Walden, A.T.},
  year={1993},
  publisher={Cambridge University Press}
}

@article{prieto2007,
  author = {Prieto, G. A. and Parker, R. L. and Thomson, D. J. and Vernon, F. L. and Graham, R. L.},
  title = {Reducing the bias of multitaper spectrum estimates},
  journal = {Geophysical Journal International},
  volume = {171},
  number = {3},
  publisher = {Blackwell Publishing Ltd},
  issn = {1365-246X},
  url = {http://dx.doi.org/10.1111/j.1365-246X.2007.03592.x},
  doi = {10.1111/j.1365-246X.2007.03592.x},
  pages = {1269--1281},
  keywords = {curvature, derivatives, inverse problem, multitaper spectrum},
  year = {2007},
}

@article{rs1995,
  title={Minimum bias multiple taper spectral estimation},
  author={Riedel, K. S. and Sidorenko, A.},
  journal={IEEE Trans. SP},
  volume={43},
  number={1},
  pages={188--195},
  year={1995},
}
