@Manual{gentry2013,
  title = {{Rgraphviz: Provides plotting capabilities for R graph objects}},
  author = {J. Gentry and L. Long and R. Gentleman and S. Falcon and F. Hahne and D. Sarkar and K. D. Hansen},
  year = {2013},
  note = {R package version 2.2.1},
}

@Manual{mohrac2008,
  title = {Peaks: Peaks},
  author = {Miroslav Morhac},
  year = {2008},
  note = {R package version 0.2},
}

@article{walden1995,
author = {Walden, A. T. and McCoy, E. J. and Percival, D. B.}, 
title = {The effective bandwidth of a multitaper spectral estimator},
volume = {82}, 
number = {1}, 
pages = {201-214}, 
year = {1995}, 
doi = {10.1093/biomet/82.1.201}, 
URL = {http://biomet.oxfordjournals.org/content/82/1/201.abstract}, 
eprint = {http://biomet.oxfordjournals.org/content/82/1/201.full.pdf+html}, 
journal = {Biometrika} 
}

@book{percival1993,
  title={Spectral analysis for physical applications},
  author={Percival, D.B. and Walden, A.T.},
  year={1993},
  publisher={Cambridge University Press}
}

@article{prieto2007,
author = {Prieto, G. A. and Parker, R. L. and Thomson, D. J. and Vernon, F. L. and Graham, R. L.},
title = {Reducing the bias of multitaper spectrum estimates},
journal = {Geophysical Journal International},
volume = {171},
number = {3},
publisher = {Blackwell Publishing Ltd},
issn = {1365-246X},
url = {http://dx.doi.org/10.1111/j.1365-246X.2007.03592.x},
doi = {10.1111/j.1365-246X.2007.03592.x},
pages = {1269--1281},
keywords = {curvature, derivatives, inverse problem, multitaper spectrum},
year = {2007},
}
