/Users/abarbour/nute.processing/latex/bibtex/ALLREF.bib